%
@misc{root,
title = {{ROOT} {CERN}},
howpublished = {\url{https://root.cern/}}
}
%
@misc{x11,
title = {About {X}11 for {M}ac},
howpublished = {\url{https://support.apple.com/en-us/HT201341}}
}
%
@misc{root7,
title = {{ROOT7}},
howpublished = {\url{https://github.com/root-project/root/tree/master}}
}
%
@misc{jsroot,
title = {Java{S}cript {ROOT}},
howpublished = {\url{https://root.cern/js/}}
}
%
@misc{jupyter,
title = {{ROOT} {J}upyter {N}otebook},
howpublished = {{\url{https://root.cern.ch/notebooks/HowTos/HowTo_ROOT-Notebooks.html}}},
}
%
@misc{http,
title = {T{H}ttp{S}erver {C}lass},
howpublished = {\url{https://root.cern/doc/master/classTHttpServer.html}}
}
%
@misc{buffer,
title = {T{B}uffer{JSON} {C}lass},
howpublished = {\url{https://root.cern/doc/master/classTBufferJSON.html}}
}
%
@misc{Antcheva:2011zz,
      title          = "{{ROOT}: {A} {C}++ framework for petabyte data storage,
                        statistical analysis and visualization}",
      author         = "Antcheva, I. Brun, R. and others",
      journal        = "Comput. Phys. Commun.",
      volume         = "182",
      year           = "2011",
      pages          = "1384-1385",
      doi            = "10.1016/j.cpc.2011.02.008",
      reportNumber   = "FERMILAB-PUB-09-661-CD",
      SLACcitation   = "%%CITATION = CPHCB,182,1384;%%"
}
%
@misc{mvc,
author = "Deacon, John",
title = "{{M}odel-{V}iew-{C}ontroller ({MVC}) {A}rchitecture}",
year = {1995},
month = {08},
pages = {},
doi = {10.1007/978-1-4302-5251-1_4},
howpublished = {\url{http://www.rareparts.com/pdf/MVC.pdf}}
}
%
@misc{rweb,
title = {R{W}eb{W}indow {C}lass},
howpublished = {\url{https://github.com/root-project/root/tree/master/gui/webdisplay/inc/ROOT}}
}
%
@misc{openui,
title = {Open{UI}5},
howpublished = {\url{https://openui5.org/}}
}
%
@misc{root6,
title = {{ROOT6}},
howpublished = {\url{https://github.com/root-project/root/tree/v6-18-00-patches}}
}
